% Encoding: UTF-8
@IEEEtranBSTCTL{IEEEexample:BSTcontrol,
	CTLuse_forced_etal       = "yes",
	CTLmax_names_forced_etal = "3",
	CTLnames_show_etal       = "1"
}

@ARTICLE{Rappaport,
  author={Rappaport, Theodore S. and Sun, Shu and Mayzus, Rimma and Zhao, Hang and Azar, Yaniv and Wang, Kevin and Wong, George N. and Schulz, Jocelyn K. and Samimi, Mathew and Gutierrez, Felix},
  journal={IEEE Access}, 
  title={Millimeter Wave Mobile Communications for {5G} Cellular: It Will Work!}, 
  year={2013},
  volume={1},
  number={},
  pages={335-349},
  doi={10.1109/ACCESS.2013.2260813}}

@INPROCEEDINGS{Purdue,
  author={Zhang, Yaguang and Jyoti, Soumya and Anderson, Christopher R. and Love, David J. and Michelusi, Nicolo and Sprintson, Alex and Krogmeier, James V.},
  booktitle={2018 IEEE Intl. Conf. Commun.}, 
  title={{28-GHz} Channel Measurements and Modeling for Suburban Environments}, 
  year={2018},
  volume={},
  number={},
  pages={1-6},
  doi={10.1109/ICC.2018.8422820}}
  
@INPROCEEDINGS{Harvard,
  author={Comiter, Marcus and Crouse, Michael and Kung, H. T. and Tarng, Jenn-Hwan and Tsai, Zuo-Min and Wu, Wei-Ting and Lee, Ta-Sung and Chang, M. C. Frank and Kuan, Yen-Cheng},
  booktitle={2017 IEEE Globecom Workshops (GC Wkshps)}, 
  title={Millimeter-Wave Field Experiments with Many Antenna Configurations for Indoor Multipath Environments}, 
  year={2017},
  volume={},
  number={},
  pages={1-6},
  doi={10.1109/GLOCOMW.2017.8269033}}

@inproceedings{Agile-Link,
author = {Hassanieh, Haitham and Abari, Omid and Rodriguez, Michael and Abdelghany, Mohammed and Katabi, Dina and Indyk, Piotr},
booktitle = {2018 ACM Special Interest Group on Data Communication (SIGCOMM)},
title = {Fast Millimeter Wave Beam Alignment},
year = {2018},
isbn = {9781450355674},
publisher = {Association for Computing Machinery},
address = {New York, NY, USA},
doi = {10.1145/3230543.3230581},
pages = {432–445},
numpages = {14},
keywords = {beam alignment, millimeter wave, 5G, sparse recovery},
location = {Budapest, Hungary},
note = {doi: \url{10.1145/3230543.3230581}}}
  
@article{WSJ:Verizon,
 author  = {Krouse, Sarah},
 date    = {2020-04-12},
 title   = {{U.S.} Telecom Giants Take Different Paths to {5G}},
 journal = {The Wall Street Journal},
 url     = {https://www.wsj.com/articles/u-s-telecom-giants-take-different-paths-to-5g-11586556074},
 urldate = {2020-04-12},
 year    = {2020}}

@ARTICLE{Sounder,
  author={Pirkl, Ryan J. and Durgin, Gregory D.},
  journal=IEEE_J_WCOM, 
  title={Optimal Sliding Correlator Channel Sounder Design}, 
  year={2008},
  volume={7},
  number={9},
  pages={3488-3497},
  doi={10.1109/TWC.2008.070278}}

@inproceedings{POWDER,
    title       = "{POWDER}: Platform for Open Wireless Data-driven Experimental Research",
    author      = "Joe Breen and Andrew Buffmire and Jonathon Duerig and Kevin Dutt and Eric Eide and Mike Hibler and David Johnson and Sneha Kumar Kasera and Earl Lewis and Dustin Maas and Alex Orange and Neal Patwari and Daniel Reading and Robert Ricci and David Schurig and Leigh B. Stoller and Van der Merwe, Jacobus and Kirk Webb and Gary Wong",
    booktitle   = "Proceedings of the 14th International Workshop on Wireless Network Testbeds, Experimental Evaluation and Characterization (WiNTECH)",
    year        = 2020,
    month       = sep,
    note        = {doi: \url{10.1145/3411276.3412204}}}

@article{UCSB,
author = {Halperin, Daniel and Kandula, Srikanth and Padhye, Jitendra and Bahl, Paramvir and Wetherall, David},
title = {Augmenting Data Center Networks with Multi-Gigabit Wireless Links},
year = {2011},
issue_date = {August 2011},
publisher = {Association for Computing Machinery},
address = {New York, NY, USA},
volume = {41},
number = {4},
issn = {0146-4833},
doi = {10.1145/2043164.2018442},
journal = {SIGCOMM Comput. Commun. Rev.},
month = aug,
pages = {38–49},
numpages = {12},
keywords = {802.11ad, data center, flyways, datacenter, network, 60 ghz},
note = {doi: \url{10.1145/2043164.2018442}}}