@IEEEtranBSTCTL{IEEEexample:BSTcontrol,
CTLuse_forced_etal       = "yes",
CTLmax_names_forced_etal = "2",
CTLnames_show_etal       = "2"
}

@Misc{SPAVE-28G-Software,
  author  = {Keshavamurthy, Bharath},
  title   = {{SPAVE-28G} (software)},
  url     = {{https://github.com/bharathkeshavamurthy/SPAVE-28G.git}},
  version = {v1.0},
  month   = {April},
  year    = {2022},
}

@Misc{SPAVE-28G-Dataset,
  author    = {Keshavamurthy, Bharath and Zhang, Yaguang},
  title     = {{SPAVE-28G} (dataset)},
  doi       = {10.5281/zenodo.7178597},
  url       = {https://doi.org/10.5281/zenodo.7178597},
  version   = {v1.0},
  month     = {{October}},
  publisher = {Zenodo},
  year      = {2022},
}

@InProceedings{NRSM,
  author    = {Keshavamurthy, Bharath and Zhang, Yaguang and Anderson, Christopher R. and Michelusi, Nicolò and Krogmeier, James V. and Love, David J.},
  booktitle = {2022 United States National Committee of URSI National Radio Science Meeting (USNC-URSI NRSM)},
  title     = {A robotic antenna alignment and tracking system for millimeter wave propagation modeling},
  doi       = {10.23919/USNC-URSINRSM57467.2022.9881448},
  pages     = {145-146},
  year      = {2022},
}

@Article{Rappaport,
  author  = {Rappaport, Theodore S. and Sun, Shu and Mayzus, Rimma and Zhao, Hang and Azar, Yaniv and Wang, Kevin and Wong, George N. and Schulz, Jocelyn K. and Samimi, Mathew and Gutierrez, Felix},
  title   = {Millimeter wave mobile communications for {5G} cellular: it will work!},
  doi     = {10.1109/ACCESS.2013.2260813},
  pages   = {335-349},
  volume  = {1},
  journal = {IEEE Access},
  year    = {2013},
}

@InProceedings{Purdue,
  author    = {Zhang, Yaguang and Jyoti, Soumya and Anderson, Christopher R. and Love, David J. and Michelusi, Nicolo and Sprintson, Alex and Krogmeier, James V.},
  booktitle = {2018 IEEE Intl. Conf. Commun.},
  title     = {{28-GHz} channel measurements and modeling for suburban environments},
  doi       = {10.1109/ICC.2018.8422820},
  pages     = {1-6},
  year      = {2018},
}

@Article{Foliage,
  author  = {Zhang, Yaguang and Anderson, Christopher R. and Michelusi, Nicolo and Love, David J. and Baker, Kenneth R. and Krogmeier, James V.},
  title   = {Propagation modeling through foliage in a coniferous forest at 28 {GHz}},
  doi     = {10.1109/LWC.2019.2899299},
  number  = {3},
  pages   = {901-904},
  volume  = {8},
  journal = {IEEE Wireless Commun. Lett.},
  year    = {2019},
}


@InProceedings{Harvard,
  author    = {Comiter, Marcus and Crouse, Michael and Kung, H. T. and Tarng, Jenn-Hwan and Tsai, Zuo-Min and Wu, Wei-Ting and Lee, Ta-Sung and Chang, M. C. Frank and Kuan, Yen-Cheng},
  booktitle = {2017 IEEE Globecom Workshops (GC Wkshps)},
  title     = {Millimeter-wave field experiments with many antenna configurations for indoor multipath environments},
  doi       = {10.1109/GLOCOMW.2017.8269033},
  pages     = {1-6},
  year      = {2017},
}

@InProceedings{Agile-Link,
  author    = {Hassanieh, Haitham and Abari, Omid and Rodriguez, Michael and Abdelghany, Mohammed and Katabi, Dina and Indyk, Piotr},
  booktitle = {2018 ACM Special Interest Group on Data Communication (SIGCOMM)},
  title     = {Fast millimeter wave beam alignment},
  doi       = {10.1145/3230543.3230581},
  isbn      = {9781450355674},
  location  = {Budapest, Hungary},
  note      = {doi: \url{10.1145/3230543.3230581}},
  pages     = {432–445},
  publisher = {Association for Computing Machinery},
  address   = {New York, NY, USA},
  keywords  = {beam alignment, millimeter wave, 5G, sparse recovery},
  numpages  = {14},
  year      = {2018},
}

@InProceedings{POWDER,
  author    = {Breen, Joe and Buffmire, Andrew and Duerig, Jonathon and Dutt, Kevin and Eide, Eric and Hibler, Mike and Johnson, David and Kasera, Sneha Kumar and Lewis, Earl and Maas, Dustin and Orange, Alex and Patwari, Neal and Reading, Daniel and Ricci, Robert and Schurig, David and Stoller, Leigh B. and Van der Merwe, Jacobus and Webb, Kirk and Wong, Gary},
  booktitle = {Proc. of the 14th Int. Workshop on Wireless Network Testbeds, Experimental Evaluation and Characterization (WiNTECH)},
  title     = {{POWDER}: platform for open wireless data-driven experimental research},
  note      = {doi: \url{10.1145/3411276.3412204}},
  month     = sep,
  year      = {2020},
}

@Article{Indoor60G,
  author  = {Gustafson, Carl and Haneda, Katsuyuki and Wyne, Shurjeel and Tufvesson, Fredrik},
  title   = {On mm-wave multipath clustering and channel modeling},
  doi     = {10.1109/TAP.2013.2295836},
  number  = {3},
  pages   = {1445-1455},
  volume  = {62},
  journal = IEEE_J_AP,
  year    = {2014},
}

@Article{Outdoor28G,
  author  = {Du, Jinfeng and Chizhik, Dmitry and Valenzuela, Reinaldo A. and Feick, Rodolfo and Castro, Guillermo and Rodriguez, Mauricio and Chen, Tingjun and Kohli, Manav and Zussman, Gil},
  title   = {Directional measurements in urban street canyons from macro rooftop sites at 28 {GHz} for 90\% outdoor coverage},
  doi     = {10.1109/TAP.2020.3044398},
  number  = {6},
  pages   = {3459-3469},
  volume  = {69},
  journal = IEEE_J_AP,
  year    = {2021},
}

@InProceedings{SAGE,
  author    = {Yin, Xuefeng and He, Yongyu and Song, Zinuo and Kim, Myung-Don and Chung, Hyun Kyu},
  booktitle = {the 8th European Conf. on Antennas and Propag. (EuCAP 2014)},
  title     = {A sliding-correlator-based {SAGE} algorithm for {mm-Wave} wideband channel parameter estimation},
  doi       = {10.1109/EuCAP.2014.6901837},
  pages     = {625-629},
  year      = {2014},
}

@Article{NISTModeling,
  author  = {Gentile, Camillo and Papazian, Peter B. and Golmie, Nada and Remley, Kate A. and Vouras, Peter and Senic, Jelena and Wang, Jian and Caudill, Derek and Lai, Chiehping and Sun, Ruoyu and Chuang, Jack},
  title   = {Millimeter-wave channel measurement and modeling: a {NIST} perspective},
  doi     = {10.1109/MCOM.2018.1800222},
  number  = {12},
  pages   = {30-37},
  volume  = {56},
  journal = IEEE_M_COM,
  year    = {2018},
}

@InProceedings{Commercial,
  author    = {Narayanan, Arvind and Rochman, Muhammad Iqbal and Hassan, Ahmad and Firmansyah, Bariq S. and Sathya, Vanlin and Ghosh, Monisha and Qian, Feng and Zhang, Zhi-Li},
  booktitle = {IEEE INFOCOM 2022 - IEEE Conf. on Comput. Commun.},
  title     = {A comparative measurement study of commercial {5G} {mmWave} deployments},
  doi       = {10.1109/INFOCOM48880.2022.9796693},
  pages     = {800-809},
  year      = {2022},
}

@Article{MolischSpatialOutdoor,
  author  = {Karttunen, Aki and Molisch, Andreas F. and Hur, Sooyoung and Park, Jeongho and Zhang, Charlie Jianzhong},
  title   = {Spatially consistent street-by-street path loss model for 28-{GHz} channels in micro cell urban environments},
  doi     = {10.1109/TWC.2017.2749570},
  number  = {11},
  pages   = {7538-7550},
  volume  = {16},
  journal = IEEE_J_WCOM,
  year    = {2017},
}

@Article{MacCartneyModelsOverview,
  author  = {Rappaport, Theodore S. and Xing, Yunchou and MacCartney, George R. and Molisch, Andreas F. and Mellios, Evangelos and Zhang, Jianhua},
  title   = {Overview of millimeter wave communications for fifth-generation {(5G)} wireless networks—with a focus on propagation models},
  doi     = {10.1109/TAP.2017.2734243},
  number  = {12},
  pages   = {6213-6230},
  volume  = {65},
  journal = IEEE_J_AP,
  year    = {2017},
}

@InProceedings{MacCartneySpatialStatistics,
  author    = {Sun, Shu and Yan, Hangsong and MacCartney, George R. and Rappaport, Theodore S.},
  booktitle = {2017 IEEE Int. Conf. on Commun. (ICC)},
  title     = {Millimeter wave small-scale spatial statistics in an urban microcell scenario},
  doi       = {10.1109/ICC.2017.7996408},
  pages     = {1-7},
  year      = {2017},
}
