@ARTICLE{Sounder,
author = {Pirkl, Ryan J. and Durgin, Gregory D.},
journal = IEEE_J_WCOM, 
title = {{Optimal Sliding Correlator Channel Sounder Design}}, 
year = {2008},
volume = {7},
number = {9},
pages = {3488-3497},
doi = {10.1109/TWC.2008.070278}
}

@ARTICLE{MoreSAGE,
author={Wang, Rui and Bas, Celalettin Umit and Cheng, Zihang and Choi, Thomas and Feng, Hao and Li, Zheda and Ye, Xiaokang and Tang, Pan and Sangodoyin, Seun and Gómez-Ponce, Jorge and Monroe, Robert and Henige, Thomas and Xu, Gary and Zhang, Jianzhong and Park, Jeongho and Molisch, Andreas F.},
journal={IEEE Transactions on Wireless Communications}, 
title={{Enabling Super-Resolution Parameter Estimation for mm-Wave Channel Sounding}}, 
year={2020},
volume={19},
number={5},
pages={3077-3090},
doi={10.1109/TWC.2020.2970401}
}

@ARTICLE{CapacityEvaluation,
author={Akdeniz, Mustafa Riza and Liu, Yuanpeng and Samimi, Mathew K. and Sun, Shu and Rangan, Sundeep and Rappaport, Theodore S. and Erkip, Elza},
journal={IEEE Journal on Selected Areas in Communications}, 
title={{Millimeter Wave Channel Modeling and Cellular Capacity Evaluation}}, 
year={2014},
volume={32},
number={6},
pages={1164-1179},
doi={10.1109/JSAC.2014.2328154}
}

@ARTICLE{QDC,
author={Wang, Jian and Gentile, Camillo and Papazian, Peter B. and Choi, Jae-Kark and Senic, Jelena},
journal={IEEE Antennas and Wireless Propagation Letters}, 
title={{Quasi-Deterministic Model for Doppler Spread in Millimeter-Wave Communication Systems}}, 
year={2017},
volume={16},
number={},
pages={2195-2198},
doi={10.1109/LAWP.2017.2705578}
}

@INPROCEEDINGS{UnsupervisedClustering60G83G,
author={Wang, Jian and Gentile, Camillo and Senic, Jelena and Sun, Ruoyu and Papazian, Peter B. and Lai, Chiehping},
booktitle={2017 IEEE 86th Vehicular Technology Conference (VTC-Fall)}, 
title={{Unsupervised Clustering for Millimeter-Wave Channel Propagation Modeling}}, 
year={2017},
volume={},
number={},
pages={1-4},
doi={10.1109/VTCFall.2017.8288377}
}

@ARTICLE{UCSB,
author = {Halperin, Daniel and Kandula, Srikanth and Padhye, Jitendra and Bahl, Paramvir and Wetherall, David},
title = {{Augmenting Data Center Networks with Multi-Gigabit Wireless Links}},
year = {2011},
issue_date = {August 2011},
publisher = {Association for Computing Machinery},
address = {New York, NY, USA},
volume = {41},
number = {4},
issn = {0146-4833},
doi = {10.1145/2043164.2018442},
journal = {SIGCOMM Comput. Commun. Rev.},
month = aug,
pages = {38–49},
numpages = {12},
keywords = {802.11ad, data center, flyways, datacenter, network, 60 ghz},
note = {doi: \url{10.1145/2043164.2018442}}
}

@ARTICLE{MolischEstimate,
author={Wang, Rui and Renaudin, Olivier and Bas, C. Umit and Sangodoyin, Seun and Molisch, Andreas F.},
journal={IEEE Transactions on Wireless Communications}, 
title={{High-Resolution Parameter Estimation for Time-Varying Double Directional V2V Channel}}, 
year={2017},
volume={16},
number={11},
pages={7264-7275},
doi={10.1109/TWC.2017.2744628}
}

@ARTICLE{MolischSpatialIndoorOutdoor,
author={Ko, Junghoon and Cho, Yeon-Jea and Hur, Sooyoung and Kim, Taehwan and Park, Jeongho and Molisch, Andreas F. and Haneda, Katsuyuki and Peter, Michael and Park, Dong-Jo and Cho, Dong-Ho},
journal={IEEE Transactions on Wireless Communications}, 
title={{Millimeter-Wave Channel Measurements and Analysis for Statistical Spatial Channel Model in In-Building and Urban Environments at 28 GHz}}, 
year={2017},
volume={16},
number={9},
pages={5853-5868},
doi={10.1109/TWC.2017.2716924}
}

@INPROCEEDINGS{MacCartneyUrbanHumanBlockage,
author={MacCartney, George R. and Rappaport, Theodore S. and Rangan, Sundeep},
booktitle={GLOBECOM 2017 - 2017 IEEE Global Communications Conference}, 
title={{Rapid Fading Due to Human Blockage in Pedestrian Crowds at 5G Millimeter-Wave Frequencies}}, 
year={2017},
volume={},
number={},
pages={1-7},
doi={10.1109/GLOCOM.2017.8254900}
}

@INPROCEEDINGS{MacCartneyRural,
author={MacCartney, George R. and Rappaport, Theodore S.},
booktitle={2017 IEEE International Conference on Communications (ICC)}, 
title={{Study on 3GPP rural macrocell path loss models for millimeter wave wireless communications}}, 
year={2017},
volume={},
number={},
pages={1-7},
doi={10.1109/ICC.2017.7996793}
}

@INPROCEEDINGS{Qualcomm3GPP,
author={Haneda, Katsuyuki and Zhang, Jianhua and Tan, Lei and Liu, Guangyi and Zheng, Yi and Asplund, Henrik and Li, Jian and Wang, Yi and Steer, David and Li, Clara and Balercia, Tommaso and Lee, Sunguk and Kim, YoungSuk and Ghosh, Amitava and Thomas, Timothy and Nakamura, Takehiro and Kakishima, Yuichi and Imai, Tetsuro and Papadopoulos, Haralabos and Rappaport, Theodore S. and MacCartney, George R. and Samimi, Mathew K. and Sun, Shu and Koymen, Ozge and Hur, Sooyoung and Park, Jeongho and Zhang, Charlie and Mellios, Evangelos and Molisch, Andreas F. and Ghassamzadeh, Saeed S. and Ghosh, Arun},
booktitle={2016 IEEE 83rd Vehicular Technology Conference (VTC Spring)}, 
title={{5G 3GPP-Like Channel Models for Outdoor Urban Microcellular and Macrocellular Environments}}, 
year={2016},
volume={},
number={},
pages={1-7},
doi={10.1109/VTCSpring.2016.7503971}
}