@IEEEtranBSTCTL{IEEEexample:BSTcontrol,
CTLuse_forced_etal       = "yes",
CTLmax_names_forced_etal = "3",
CTLnames_show_etal       = "3"
}

@MISC{SPAVE-28G-Software,
author = {Keshavamurthy, Bharath},
month = {April},
title = {{SPAVE-28G: Signal Propagation Analyses in V2X Ecosystems at 28 GHz on the NSF POWDER testbed}},
url = {{https://github.com/bharathkeshavamurthy/SPAVE-28G.git}},
version = {v1.0},
year = {2022}
}

@MISC{SPAVE-28G-Dataset,
author = {Keshavamurthy, Bharath and Zhang, Yaguang},
month = {{October}},
title = {{SPAVE-28G (Dataset)}},
year = 2022,
publisher = {Zenodo},
version = {v1.0},
doi = {10.5281/zenodo.7178597},
url = {https://doi.org/10.5281/zenodo.7178597}
}

@INPROCEEDINGS{NRSM,
author={Keshavamurthy, Bharath and Zhang, Yaguang and Anderson, Christopher R. and Michelusi, Nicolò and Krogmeier, James V. and Love, David J.},
booktitle={2022 United States National Committee of URSI National Radio Science Meeting (USNC-URSI NRSM)}, 
title={{A Robotic Antenna Alignment and Tracking System for Millimeter Wave Propagation Modeling}}, 
year={2022},
volume={},
number={},
pages={145-146},
doi={10.23919/USNC-URSINRSM57467.2022.9881448}
}

@ARTICLE{Rappaport,
author = {Rappaport, Theodore S. and Sun, Shu and Mayzus, Rimma and Zhao, Hang and Azar, Yaniv and Wang, Kevin and Wong, George N. and Schulz, Jocelyn K. and Samimi, Mathew and Gutierrez, Felix},
journal = {IEEE Access}, 
title = {{Millimeter Wave Mobile Communications for 5G Cellular: It Will Work!}}, 
year = {2013},
volume = {1},
number = {},
pages = {335-349},
doi = {10.1109/ACCESS.2013.2260813}
}

@INPROCEEDINGS{Purdue,
author = {Zhang, Yaguang and Jyoti, Soumya and Anderson, Christopher R. and Love, David J. and Michelusi, Nicolo and Sprintson, Alex and Krogmeier, James V.},
booktitle = {2018 IEEE Intl. Conf. Commun.}, 
title = {{28-GHz Channel Measurements and Modeling for Suburban Environments}}, 
year = {2018},
volume = {},
number = {},
pages = {1-6},
doi = {10.1109/ICC.2018.8422820}
}
  
@INPROCEEDINGS{Harvard,
author = {Comiter, Marcus and Crouse, Michael and Kung, H. T. and Tarng, Jenn-Hwan and Tsai, Zuo-Min and Wu, Wei-Ting and Lee, Ta-Sung and Chang, M. C. Frank and Kuan, Yen-Cheng},
booktitle = {2017 IEEE Globecom Workshops (GC Wkshps)}, 
title = {{Millimeter-Wave Field Experiments with Many Antenna Configurations for Indoor Multipath Environments}}, 
year = {2017},
volume = {},
number = {},
pages = {1-6},
doi = {10.1109/GLOCOMW.2017.8269033}
}

@INPROCEEDINGS{Agile-Link,
author = {Hassanieh, Haitham and Abari, Omid and Rodriguez, Michael and Abdelghany, Mohammed and Katabi, Dina and Indyk, Piotr},
booktitle = {2018 ACM Special Interest Group on Data Communication (SIGCOMM)},
title = {{Fast Millimeter Wave Beam Alignment}},
year = {2018},
isbn = {9781450355674},
publisher = {Association for Computing Machinery},
address = {New York, NY, USA},
doi = {10.1145/3230543.3230581},
pages = {432–445},
numpages = {14},
keywords = {beam alignment, millimeter wave, 5G, sparse recovery},
location = {Budapest, Hungary},
note = {doi: \url{10.1145/3230543.3230581}}
}
  
@ARTICLE{WSJ:Verizon,
author  = {Krouse, Sarah},
date    = {2020-04-12},
title   = {{U.S. Telecom Giants Take Different Paths to 5G}},
journal = {The Wall Street Journal},
url     = {https://www.wsj.com/articles/u-s-telecom-giants-take-different-paths-to-5g-11586556074},
urldate = {2020-04-12},
year    = {2020}
}

@ARTICLE{TMobileHighways,
author  = {T-Mobile},
date    = {2021-06-15},
title   = {{Ready for a Road Trip? T-Mobile 5G Covers (Way) More Interstate Highway Miles}},
journal = {T-Mobile},
url     = {https://www.t-mobile.com/news/network/ready-for-a-road-trip},
urldate = {2021-06-15},
year    = {2021}
}

@ARTICLE{Sounder,
author = {Pirkl, Ryan J. and Durgin, Gregory D.},
journal = IEEE_J_WCOM, 
title = {{Optimal Sliding Correlator Channel Sounder Design}}, 
year = {2008},
volume = {7},
number = {9},
pages = {3488-3497},
doi = {10.1109/TWC.2008.070278}
}

@INPROCEEDINGS{POWDER,
title       = {{POWDER: Platform for Open Wireless Data-driven Experimental Research}},
author      = "Joe Breen and Andrew Buffmire and Jonathon Duerig and Kevin Dutt and Eric Eide and Mike Hibler and David Johnson and Sneha Kumar Kasera and Earl Lewis and Dustin Maas and Alex Orange and Neal Patwari and Daniel Reading and Robert Ricci and David Schurig and Leigh B. Stoller and Van der Merwe, Jacobus and Kirk Webb and Gary Wong",
booktitle   = "Proceedings of the 14th International Workshop on Wireless Network Testbeds, Experimental Evaluation and Characterization (WiNTECH)",
year        = 2020,
month       = sep,
note        = {doi: \url{10.1145/3411276.3412204}}
}

@ARTICLE{UCSB,
author = {Halperin, Daniel and Kandula, Srikanth and Padhye, Jitendra and Bahl, Paramvir and Wetherall, David},
title = {{Augmenting Data Center Networks with Multi-Gigabit Wireless Links}},
year = {2011},
issue_date = {August 2011},
publisher = {Association for Computing Machinery},
address = {New York, NY, USA},
volume = {41},
number = {4},
issn = {0146-4833},
doi = {10.1145/2043164.2018442},
journal = {SIGCOMM Comput. Commun. Rev.},
month = aug,
pages = {38–49},
numpages = {12},
keywords = {802.11ad, data center, flyways, datacenter, network, 60 ghz},
note = {doi: \url{10.1145/2043164.2018442}}
}

@ARTICLE{Indoor60G,
author={Gustafson, Carl and Haneda, Katsuyuki and Wyne, Shurjeel and Tufvesson, Fredrik},
journal={IEEE Transactions on Antennas and Propagation}, 
title={{On mm-Wave Multipath Clustering and Channel Modeling}}, 
year={2014},
volume={62},
number={3},
pages={1445-1455},
doi={10.1109/TAP.2013.2295836}
}

@ARTICLE{Outdoor28G,
author={Du, Jinfeng and Chizhik, Dmitry and Valenzuela, Reinaldo A. and Feick, Rodolfo and Castro, Guillermo and Rodriguez, Mauricio and Chen, Tingjun and Kohli, Manav and Zussman, Gil},
journal={IEEE Transactions on Antennas and Propagation}, 
title={{Directional Measurements in Urban Street Canyons From Macro Rooftop Sites at 28 GHz for 90\% Outdoor Coverage}}, 
year={2021},
volume={69},
number={6},
pages={3459-3469},
doi={10.1109/TAP.2020.3044398}
}

@INPROCEEDINGS{SAGE1,
author={Yin, Xuefeng and He, Yongyu and Song, Zinuo and Kim, Myung-Don and Chung, Hyun Kyu},
booktitle={The 8th European Conference on Antennas and Propagation (EuCAP 2014)}, 
title={{A Sliding-Correlator-Based SAGE Algorithm for mm-Wave Wideband Channel Parameter Estimation}}, 
year={2014},
volume={},
number={},
pages={625-629},
doi={10.1109/EuCAP.2014.6901837}
}

@ARTICLE{SAGE2,
author={Wang, Rui and Bas, Celalettin Umit and Cheng, Zihang and Choi, Thomas and Feng, Hao and Li, Zheda and Ye, Xiaokang and Tang, Pan and Sangodoyin, Seun and Gómez-Ponce, Jorge and Monroe, Robert and Henige, Thomas and Xu, Gary and Zhang, Jianzhong and Park, Jeongho and Molisch, Andreas F.},
journal={IEEE Transactions on Wireless Communications}, 
title={{Enabling Super-Resolution Parameter Estimation for mm-Wave Channel Sounding}}, 
year={2020},
volume={19},
number={5},
pages={3077-3090},
doi={10.1109/TWC.2020.2970401}
}

@ARTICLE{CapacityEvaluation,
author={Akdeniz, Mustafa Riza and Liu, Yuanpeng and Samimi, Mathew K. and Sun, Shu and Rangan, Sundeep and Rappaport, Theodore S. and Erkip, Elza},
journal={IEEE Journal on Selected Areas in Communications}, 
title={{Millimeter Wave Channel Modeling and Cellular Capacity Evaluation}}, 
year={2014},
volume={32},
number={6},
pages={1164-1179},
doi={10.1109/JSAC.2014.2328154}
}

@ARTICLE{NISTModeling,
author={Gentile, Camillo and Papazian, Peter B. and Golmie, Nada and Remley, Kate A. and Vouras, Peter and Senic, Jelena and Wang, Jian and Caudill, Derek and Lai, Chiehping and Sun, Ruoyu and Chuang, Jack},
journal={IEEE Communications Magazine}, 
title={{Millimeter-Wave Channel Measurement and Modeling: A NIST Perspective}}, 
year={2018},
volume={56},
number={12},
pages={30-37},
doi={10.1109/MCOM.2018.1800222}
}

@ARTICLE{QDC,
author={Wang, Jian and Gentile, Camillo and Papazian, Peter B. and Choi, Jae-Kark and Senic, Jelena},
journal={IEEE Antennas and Wireless Propagation Letters}, 
title={{Quasi-Deterministic Model for Doppler Spread in Millimeter-Wave Communication Systems}}, 
year={2017},
volume={16},
number={},
pages={2195-2198},
doi={10.1109/LAWP.2017.2705578}
}

@INPROCEEDINGS{UnsupervisedClustering60G83G,
author={Wang, Jian and Gentile, Camillo and Senic, Jelena and Sun, Ruoyu and Papazian, Peter B. and Lai, Chiehping},
booktitle={2017 IEEE 86th Vehicular Technology Conference (VTC-Fall)}, 
title={{Unsupervised Clustering for Millimeter-Wave Channel Propagation Modeling}}, 
year={2017},
volume={},
number={},
pages={1-4},
doi={10.1109/VTCFall.2017.8288377}
}

@INPROCEEDINGS{Commercial,
author={Narayanan, Arvind and Rochman, Muhammad Iqbal and Hassan, Ahmad and Firmansyah, Bariq S. and Sathya, Vanlin and Ghosh, Monisha and Qian, Feng and Zhang, Zhi-Li},
booktitle={IEEE INFOCOM 2022 - IEEE Conference on Computer Communications}, 
title={{A Comparative Measurement Study of Commercial 5G mmWave Deployments}}, 
year={2022},
volume={},
number={},
pages={800-809},
doi={10.1109/INFOCOM48880.2022.9796693}
}

@ARTICLE{MolischEstimate,
author={Wang, Rui and Renaudin, Olivier and Bas, C. Umit and Sangodoyin, Seun and Molisch, Andreas F.},
journal={IEEE Transactions on Wireless Communications}, 
title={{High-Resolution Parameter Estimation for Time-Varying Double Directional V2V Channel}}, 
year={2017},
volume={16},
number={11},
pages={7264-7275},
doi={10.1109/TWC.2017.2744628}
}

@ARTICLE{MolischSpatialIndoorOutdoor,
author={Ko, Junghoon and Cho, Yeon-Jea and Hur, Sooyoung and Kim, Taehwan and Park, Jeongho and Molisch, Andreas F. and Haneda, Katsuyuki and Peter, Michael and Park, Dong-Jo and Cho, Dong-Ho},
journal={IEEE Transactions on Wireless Communications}, 
title={{Millimeter-Wave Channel Measurements and Analysis for Statistical Spatial Channel Model in In-Building and Urban Environments at 28 GHz}}, 
year={2017},
volume={16},
number={9},
pages={5853-5868},
doi={10.1109/TWC.2017.2716924}
}

@ARTICLE{MolischSpatialOutdoor,
author={Karttunen, Aki and Molisch, Andreas F. and Hur, Sooyoung and Park, Jeongho and Zhang, Charlie Jianzhong},
journal={IEEE Transactions on Wireless Communications}, 
title={{Spatially Consistent Street-by-Street Path Loss Model for 28-GHz Channels in Micro Cell Urban Environments}}, 
year={2017},
volume={16},
number={11},
pages={7538-7550},
doi={10.1109/TWC.2017.2749570}
}

@INPROCEEDINGS{MacCartneyUrbanHumanBlockage,
author={MacCartney, George R. and Rappaport, Theodore S. and Rangan, Sundeep},
booktitle={GLOBECOM 2017 - 2017 IEEE Global Communications Conference}, 
title={{Rapid Fading Due to Human Blockage in Pedestrian Crowds at 5G Millimeter-Wave Frequencies}}, 
year={2017},
volume={},
number={},
pages={1-7},
doi={10.1109/GLOCOM.2017.8254900}
}

@ARTICLE{MacCartneyModelsOverview,
author={Rappaport, Theodore S. and Xing, Yunchou and MacCartney, George R. and Molisch, Andreas F. and Mellios, Evangelos and Zhang, Jianhua},
journal={IEEE Transactions on Antennas and Propagation}, 
title={{Overview of Millimeter Wave Communications for Fifth-Generation (5G) Wireless Networks—With a Focus on Propagation Models}}, 
year={2017},
volume={65},
number={12},
pages={6213-6230},
doi={10.1109/TAP.2017.2734243}
}

@INPROCEEDINGS{MacCartneySpatialStatistics,
author={Sun, Shu and Yan, Hangsong and MacCartney, George R. and Rappaport, Theodore S.},
booktitle={2017 IEEE International Conference on Communications (ICC)},
title={{Millimeter wave small-scale spatial statistics in an urban microcell scenario}}, 
year={2017},
volume={},
number={},
pages={1-7},
doi={10.1109/ICC.2017.7996408}
}

@INPROCEEDINGS{MacCartneyRural,
author={MacCartney, George R. and Rappaport, Theodore S.},
booktitle={2017 IEEE International Conference on Communications (ICC)}, 
title={{Study on 3GPP rural macrocell path loss models for millimeter wave wireless communications}}, 
year={2017},
volume={},
number={},
pages={1-7},
doi={10.1109/ICC.2017.7996793}
}

@INPROCEEDINGS{Qualcomm3GPP,
author={Haneda, Katsuyuki and Zhang, Jianhua and Tan, Lei and Liu, Guangyi and Zheng, Yi and Asplund, Henrik and Li, Jian and Wang, Yi and Steer, David and Li, Clara and Balercia, Tommaso and Lee, Sunguk and Kim, YoungSuk and Ghosh, Amitava and Thomas, Timothy and Nakamura, Takehiro and Kakishima, Yuichi and Imai, Tetsuro and Papadopoulos, Haralabos and Rappaport, Theodore S. and MacCartney, George R. and Samimi, Mathew K. and Sun, Shu and Koymen, Ozge and Hur, Sooyoung and Park, Jeongho and Zhang, Charlie and Mellios, Evangelos and Molisch, Andreas F. and Ghassamzadeh, Saeed S. and Ghosh, Arun},
booktitle={2016 IEEE 83rd Vehicular Technology Conference (VTC Spring)}, 
title={{5G 3GPP-Like Channel Models for Outdoor Urban Microcellular and Macrocellular Environments}}, 
year={2016},
volume={},
number={},
pages={1-7},
doi={10.1109/VTCSpring.2016.7503971}
}

@ARTICLE{5GFastMovingVehicles,
author={Phan-Huy, Dinh-Thuy and Sternad, Mikael and Svensson, Tommy},
journal={IEEE Intelligent Transportation Systems Magazine}, 
title={{Making 5G Adaptive Antennas Work for Very Fast Moving Vehicles}}, 
year={2015},
volume={7},
number={2},
pages={71-84},
doi={10.1109/MITS.2015.2408151}
}

@INPROCEEDINGS{V2IMeasurements,
author={Shivaldova, Veronika and Paier, Alexander and Smely, Dieter and Mecklenbräuker, Christoph F.},
booktitle={2012 IEEE 23rd International Symposium on Personal, Indoor and Mobile Radio Communications - (PIMRC)}, 
title={{On roadside unit antenna measurements for vehicle-to-infrastructure communications}}, 
year={2012},
volume={},
number={},
pages={1295-1299},
doi={10.1109/PIMRC.2012.6362546}
}

@ARTICLE{Kafka,
author  = {Apache Software Foundation},
date    = {2022},
title   = {{Apache Kafka Documentation}},
journal = {Apache Software Foundation},
url     = {https://kafka.apache.org/documentation/},
urldate = {2022},
year    = {2022}
}

@ARTICLE{RPyC,
author  = {Tomer Filiba},
date    = {2022},
title   = {{RPyC: Theory of Operation}},
journal = {RPyC Documentation},
url     = {https://rpyc.readthedocs.io/en/latest/docs/theory.html#theory},
urldate = {2022},
year    = {2022}
}

@ARTICLE{5GADASKorea,
author={Kim, Junhyeong and Choi, You-Jun and Noh, Gosan and Chung, Heesang},
journal={IEEE Transactions on Vehicular Technology}, 
title={{On the Feasibility of Remote Driving Applications Over mmWave 5G Vehicular Communications: Implementation and Demonstration}}, 
year={2022},
volume={},
number={},
pages={1-16},
doi={10.1109/TVT.2022.3210689}
}